<?xml version="1.0" encoding="UTF-8"?>
<record xmlns="http://www.loc.gov/MARC21/slim">
   <leader>00929cam a2200241 a 4500</leader>
   <controlfield tag="001">2795260</controlfield>
   <controlfield tag="003">NjP</controlfield>
   <controlfield tag="005">20171013183119.0</controlfield>
   <controlfield tag="008">000216|19001999le           f00| 0 ara c</controlfield>
   <datafield tag="024" ind1="7" ind2=" ">
      <subfield code="a">princeton_aco003662</subfield>
      <subfield code="2">local</subfield>
   </datafield>
   <datafield ind1=" " ind2=" " tag="035">
      <subfield code="9">CNK5217TS</subfield>
   </datafield>
   <datafield ind1=" " ind2=" " tag="040">
      <subfield code="a">NjP</subfield>
      <subfield code="c">NjP</subfield>
   </datafield>
   <datafield ind1=" " ind2=" " tag="042">
      <subfield code="a">pcc</subfield>
   </datafield>
   <datafield ind1=" " ind2=" " tag="043">
      <subfield code="a">a-le---</subfield>
   </datafield>
   <datafield ind1=" " ind2="4" tag="050">
      <subfield code="a">KMP354</subfield>
      <subfield code="b">.A9 1900</subfield>
   </datafield>
   <datafield ind1="1" ind2=" " tag="110">
      <subfield code="a">Lebanon.</subfield>
      <subfield code="b">Wizārat al-Mālīyah.</subfield>
      <subfield code="0">http://id.loc.gov/authorities/names/n85069357</subfield>
   </datafield>
   <datafield ind1="1" ind2="0" tag="245">
      <subfield code="a">Majmūʻat nuṣūṣ al-ḍarāʾib al-mubāsharah.</subfield>
   </datafield>
   <datafield ind1=" " ind2=" " tag="260">
      <subfield code="a">[Beirut :</subfield>
      <subfield code="b">s.n.,</subfield>
      <subfield code="c">19--]</subfield>
      <subfield code="e">(Bayrūt :</subfield>
      <subfield code="f">Maṭbaʻat Qalfāṭ)</subfield>
   </datafield>
   <datafield ind1=" " ind2=" " tag="300">
      <subfield code="a">174 p. ;</subfield>
      <subfield code="c">25 cm.</subfield>
   </datafield>
   <datafield ind1=" " ind2=" " tag="500">
      <subfield code="a">Cover t.p.</subfield>
   </datafield>
   <datafield ind1="0" ind2=" " tag="505">
      <subfield code="a">1. Ḍarībat al-amlāk al-mabnīyah. 2. Ḍarībat al-arāḍī. 3. Ḍarībat al-dakhl. 4. Rasm al-intiqāl. 5. Rasm al-ajhizah al-lāsilkīyah al-lāqiṭah. 6. Rasm al-Sayyārāt al-khāṣṣah.</subfield>
   </datafield>
   <datafield ind1=" " ind2="0" tag="650">
      <subfield code="a">Taxation</subfield>
      <subfield code="x">Law and legislation</subfield>
      <subfield code="z">Lebanon.</subfield>
   </datafield>
   <datafield ind1=" " ind2=" " tag="948">
      <subfield code="a">kc</subfield>
   </datafield>
   <datafield ind1=" " ind2=" " tag="911">
      <subfield code="a">20000216</subfield>
   </datafield>
   <datafield ind1=" " ind2=" " tag="912">
      <subfield code="a">20000217051234.0</subfield>
   </datafield>
   <datafield ind1="0" ind2="0" tag="852">
      <subfield code="0">3106818</subfield>
      <subfield code="b">rcppa</subfield>
      <subfield code="t">1</subfield>
      <subfield code="h">KMP354</subfield>
      <subfield code="i">.A9 1900</subfield>
      <subfield code="x">tr fr arab</subfield>
   </datafield>
   <datafield ind1=" " ind2=" " tag="959">
      <subfield code="a">2000-06-13 00:00:00 -0400</subfield>
   </datafield>
</record>
